@FIG{stackexchange,
    main = {The Stack Exchange logo},
    add = {additional description},
    file = {StackExchange},
    source = {\url{http://stackexchange.com/img/StackExchange.png}}
}
