% Encoding: UTF-8

@Book{Berners-Lee1999,
  title     = {Weaving the Web},
  publisher = {HarperBusiness},
  year      = {1999},
  author    = {Berners-Lee, T.},
  owner     = {mh},
  timestamp = {2018.01.03},
}

@Comment{jabref-meta: databaseType:bibtex;}
